
@article{caharel_face_2013,
	title = {Face Familiarity Decisions Take 200 msec in the Human Brain: Electrophysiological Evidence from a Go/No-go Speeded Task},
	volume = {26},
	pages = {81--95},
	number = {1},
	journaltitle = {Journal of Cognitive Neuroscience},
	author = {Caharel, Stephanie and Ramon, Meike and Rossion, Bruno},
	date = {2013-08-05}
}

@article{barragan-jason_neural_2015,
	title = {The neural speed of familiar face recognition},
	volume = {75},
	pages = {390--401},
	journaltitle = {Neuropsychologia},
	author = {Barragan-Jason, G. and Cauchoix, M. and Barbeau, E. J.},
	date = {2015-08-01},
	keywords = {{ERP}, explicit famous face recognition, Familiarity, {MVPA}, N170, N250}
}

@article{ramon_speed_2011,
	title = {The Speed of Recognition of Personally Familiar Faces},
	volume = {40},
	pages = {437--449},
	number = {4},
	journaltitle = {Perception},
	author = {Ramon, Meike and Caharel, Stephanie and Rossion, Bruno},
	date = {2011-04-01}
}

@book{mitchell_machine_1997,
	location = {New York},
	title = {Machine Learning},
	publisher = {{McGraw}-Hill},
	author = {Mitchell, Tom M.},
	date = {1997},
	keywords = {Computer algorithms, Machine learning}
}

@article{thagard_philosophy_1990,
	title = {Philosophy and Machine Learning},
	volume = {20},
	pages = {261--276},
	number = {2},
	journaltitle = {Canadian Journal of Philosophy},
	author = {Thagard, Paul},
	date = {1990}
}

@article{mccarthy_memoriam:_1990,
	title = {In Memoriam: Arthur Samuel: Pioneer in Machine Learning},
	volume = {11},
	pages = {10--10},
	number = {3},
	journaltitle = {{AI} Magazine},
	author = {{McCarthy}, John and Feigenbaum, Edward A.},
	date = {1990-09-15}
}

@online{stanford_university_professor_2019,
	title = {Professor Arthur Samuel {\textbar} Stanford Computer Science},
	url = {https://cs.stanford.edu/memoriam/professor-arthur-samuel},
	author = {{Stanford University}},
	urldate = {2019-09-08},
	date = {2019}
}

@article{samuel_studies_1959,
	title = {Some Studies in Machine Learning Using the Game of Checkers},
	volume = {3},
	pages = {210--229},
	number = {3},
	journaltitle = {{IBM} Journal of Research and Development},
	author = {Samuel, A. L.},
	date = {1959-07}
}

@incollection{awad_machine_2015,
	location = {Berkeley, {CA}},
	title = {Machine Learning},
	pages = {1--18},
	booktitle = {Efficient Learning Machines: Theories, Concepts, and Applications for Engineers and System Designers},
	publisher = {Apress},
	author = {Awad, Mariette and Khanna, Rahul},
	editor = {Awad, Mariette and Khanna, Rahul},
	date = {2015},
	doi = {10.1007/978-1-4302-5990-9_1},
	keywords = {Data Mining, Reinforcement Learning, Supervise Learning, Training Dataset, Unsupervised Learning}
}

@online{chandra_x-ray_observatory_chandra_2012,
	title = {Chandra :: Educational Materials :: Ice Core Records - The Astronomers Tycho Brahe and Johannes Kepler},
	url = {https://chandra.harvard.edu/edu/formal/icecore/brahe_kepler.html},
	author = {{Chandra X-ray Observatory} and {NASA}},
	urldate = {2019-10-11},
	date = {2012}
}

@online{wolbach_library_of_the_harvard-smithsonian_center_for_astrophysics_astronomy_2019,
	title = {Astronomy and Spectroscopy},
	url = {https://library.cfa.harvard.edu/cannon-spectroscopy},
	titleaddon = {John G. Wolbach Library},
	author = {{Wolbach Library of the Harvard-Smithsonian Center for Astrophysics}},
	urldate = {2019-11-11},
	date = {2019},
	langid = {english}
}

@artwork{schlesinger_library_portrait_2016,
	title = {Portrait of Annie Jump Cannon, ca. 1895-1897.},
	url = {https://www.flickr.com/photos/schlesinger_library/27219643971/},
	author = {{Schlesinger Library}},
	date = {2016-05-27},
	keywords = {astronomers, radcliffecollege, researcherrequest}
}

@online{domingos_what_2019,
	title = {What Is Machine Learning?},
	url = {https://www.intel.com/content/www/in/en/analytics/ai-luminary-pedro-domingos-video.html},
	shorttitle = {What Is Machine Learning?},
	titleaddon = {Intel},
	author = {Domingos, Pedro},
	urldate = {2019-12-13},
	date = {2019}
}

@article{lintott_galaxy_2011,
	title = {Galaxy Zoo 1: data release of morphological classifications for nearly 900 000 galaxies},
	volume = {410},
	pages = {166--178},
	number = {1},
	journaltitle = {Monthly Notices of the Royal Astronomical Society},
	author = {Lintott, Chris and Schawinski, Kevin and Bamford, Steven and Slosar, Anže and Land, Kate and Thomas, Daniel and Edmondson, Edd and Masters, Karen and Nichol, Robert C. and Raddick, M. Jordan and Szalay, Alex and Andreescu, Dan and Murray, Phil and Vandenberg, Jan},
	date = {2011-01-01}
}

@article{lintott_galaxy_2008,
	title = {Galaxy Zoo: morphologies derived from visual inspection of galaxies from the Sloan Digital Sky Survey},
	volume = {389},
	pages = {1179--1189},
	number = {3},
	journaltitle = {Monthly Notices of the Royal Astronomical Society},
	author = {Lintott, Chris J. and Schawinski, Kevin and Slosar, Anže and Land, Kate and Bamford, Steven and Thomas, Daniel and Raddick, M. Jordan and Nichol, Robert C. and Szalay, Alex and Andreescu, Dan and Murray, Phil and Vandenberg, Jan},
	date = {2008-09-21}
}

@article{mitchell_machine_1999,
	title = {Machine learning and data mining},
	volume = {42},
	pages = {30--36},
	number = {11},
	journaltitle = {Communications of the {ACM}},
	author = {Mitchell, Tom M.},
	date = {1999-11-01}
}

@collection{guyer_cambridge_1992,
	edition = {1},
	title = {The Cambridge Companion to Kant},
	publisher = {Cambridge University Press},
	editor = {Guyer, Paul},
	date = {1992-01-31}
}

@book{kant_kant:_2012,
	location = {Cambridge},
	title = {Kant: Natural Science},
	publisher = {Cambridge University Press},
	author = {Kant, Immanuel},
	editor = {Watkins, Eric},
	date = {2012}
}

@article{raddick_galaxy_2010,
	title = {Galaxy Zoo: Exploring the Motivations of Citizen Science Volunteers},
	volume = {9},
	number = {1},
	journaltitle = {Astronomy Education Review},
	author = {Raddick, M. Jordan and Bracey, Georgia and Gay, Pamela L. and Lintott, Chris J. and Murray, Phil and Schawinski, Kevin and Szalay, Alexander S. and Vandenberg, Jan},
	date = {2010-12},
	keywords = {Astrophysics - Astrophysics of Galaxies, Astrophysics - Instrumentation and Methods for Astrophysics, Physics - Popular Physics}
}

@article{raddick_galaxy_2013,
	title = {Galaxy Zoo: Motivations of Citizen Scientists},
	author = {Raddick, M. Jordan and Bracey, Georgia and Gay, Pamela L. and Lintott, Chris J. and Cardamone, Carie and Murray, Phil and Schawinski, Kevin and Szalay, Alexander S. and Vandenberg, Jan},
	date = {2013-03-27},
	keywords = {Astrophysics - Cosmology and Nongalactic Astrophysics, Physics - Physics Education}
}

@online{sloan_digital_sky_survey_sloan_2014,
	title = {Sloan Digital Sky Survey},
	url = {http://classic.sdss.org/},
	author = {{Sloan Digital Sky Survey}},
	urldate = {2019-11-15},
	date = {2014}
}

@article{bertola_properties_1987,
	title = {Properties of elliptical galaxies with dust lanes},
	volume = {127},
	pages = {135--144},
	journaltitle = {International Astronomical Union},
	author = {Bertola, Francesco},
	date = {1987},
	keywords = {Astronomical Photometry, Cosmic Dust, Elliptical Galaxies, Galactic Structure, Kinematics}
}

@online{richmond_describing_2019,
	title = {Describing the radial profile of light in a galaxy},
	url = {http://spiff.rit.edu/classes/phys443/lectures/gal_1/petro/petro.html},
	titleaddon = {spiff.rit.edu},
	author = {Richmond, Michael},
	urldate = {2019-06-15},
	date = {2019}
}

@article{craig_ultimate_1999,
	title = {The Ultimate Question of Origins: God and the Beginning of the Universe},
	volume = {269},
	pages = {721--738},
	journaltitle = {Astrophysics and Space Science},
	author = {Craig, William Lane},
	date = {1999-12-01}
}

@article{hubble_relation_1929,
	title = {A relation between distance and radial velocity among extra-galactic nebulae},
	volume = {15},
	pages = {168--173},
	number = {3},
	journaltitle = {Proceedings of the National Academy of Sciences},
	author = {Hubble, Edwin},
	date = {1929-03-15}
}

@book{ross_why_2008,
	location = {Grand Rapids, Michigan},
	title = {Why The Universe Is The Way It Is?},
	pagetotal = {240},
	publisher = {Baker Books},
	author = {Ross, Hugh},
	date = {2008},
	keywords = {Biblical cosmology, Cosmogony, Creation, Creationism}
}

@article{komatsu_five-year_2009,
	title = {Five-Year Wilkinson Microwave Anistropy Probe Observations: Cosmological Interpretation},
	volume = {180},
	pages = {330--376},
	number = {2},
	journaltitle = {The Astrophysical Journal Supplement Series},
	author = {Komatsu, E. and Dunkley, J. and Nolta, M. R. and Bennett, C. L. and Gold, B. and Hinshaw, G. and Jarosik, N. and Larson, D. and Limon, M. and Page, L. and Spergel, D. N. and Halpern, M. and Hill, R. S. and Kogut, A. and Meyer, S. S. and Tucker, G. S. and Weiland, J. L. and Wollack, E. and Wright, E. L.},
	date = {2009-02}
}

@article{liitiainen_residual_2009,
	title = {Residual variance estimation in machine learning},
	volume = {72},
	pages = {3692--3703},
	number = {16},
	journaltitle = {Neurocomputing},
	author = {Liitiäinen, Elia and Verleysen, Michel and Corona, Francesco and Lendasse, Amaury},
	date = {2009-10}
}

@online{schneider_cross_2019,
	title = {Cross Validation},
	url = {https://www.cs.cmu.edu/~schneide/tut5/node42.html},
	titleaddon = {Jeff Schneider{\textbar} cs.cmu.edu/{\textasciitilde}schneider},
	author = {Schneider, Jeff},
	urldate = {2019-06-10},
	date = {2019}
}

@article{arlot_survey_2010,
	title = {A survey of cross-validation procedures for model selection},
	volume = {4},
	pages = {40--79},
	journaltitle = {Statistics Surveys},
	author = {Arlot, Sylvain and Celisse, Alain},
	date = {2010}
}

@book{rebala_introduction_2019,
	location = {Switzerland},
	title = {An Introduction to Machine Learning},
	publisher = {Springer International Publishing},
	author = {Rebala, Gopinath and Ravi, Ajay and Churiwala, Sanjay},
	date = {2019}
}

@article{wu_ultraluminous_2015,
	title = {An ultraluminous quasar with a twelve-billion-solar-mass black hole at redshift 6.30},
	volume = {518},
	pages = {512--515},
	number = {7540},
	journaltitle = {Nature},
	author = {Wu, Xue-Bing and Wang, Feige and Fan, Xiaohui and Yi, Weimin and Zuo, Wenwen and Bian, Fuyan and Jiang, Linhua and {McGreer}, Ian D. and Wang, Ran and Yang, Jinyi and Yang, Qian and Thompson, David and Beletsky, Yuri},
	date = {2015-02}
}

@artwork{nasa/goddard_space_flight_center_conceptual_image_lab_active_2008,
	title = {Active Galactic Nucleus},
	url = {http://svs.gsfc.nasa.gov/20135},
	author = {{NASA/Goddard Space Flight Center Conceptual Image Lab}},
	date = {2008}
}

@online{nasa_active_2016,
	title = {Active Galaxies and Quasars - Introduction},
	url = {https://imagine.gsfc.nasa.gov/science/objects/active_galaxies1.html},
	author = {{NASA}},
	urldate = {2019-08-18},
	date = {2016}
}

@book{guttag_introduction_2016,
	location = {Cambridge, Massachusetts},
	edition = {2nd},
	title = {Introduction to Computation and Programming using Python: With Application to Understanding Data},
	publisher = {The {MIT} Press},
	author = {Guttag, John},
	date = {2016},
	keywords = {Python (Computer program language), Computer programming, Textbooks}
}

@book{hubble_realm_2013,
	location = {New Haven},
	title = {The Realm of the Nebulae},
	series = {Mrs. Hepsa Ely Silliman Memorial Lectures},
	publisher = {Yale University Press},
	author = {Hubble, Edwin and Kirshner, Robert P. and Carroll, Sean M.},
	date = {2013},
	keywords = {Nebulae}
}

@article{stoughton_sloan_2002,
	title = {Sloan Digital Sky Survey: Early Data Release},
	volume = {123},
	pages = {485--548},
	number = {1},
	journaltitle = {The Astronomical Journal},
	author = {Stoughton, Chris and Lupton, Robert H. and Bernardi, Mariangela and Blanton, Michael R. and Burles, Scott and Castander, Francisco J. and {...} and Zehavi, Idit},
	date = {2002-01}
}

@article{wakabayashi_self-driving_2018,
	title = {Self-Driving Uber Car Kills Pedestrian in Arizona, Where Robots Roam},
	url = {https://www.nytimes.com/2018/03/19/technology/uber-driverless-fatality.html},
	journaltitle = {The New York Times},
	author = {Wakabayashi, Daisuke},
	urldate = {2019-12-19},
	date = {2018-03-19},
	keywords = {Deaths (Fatalities), Driverless and Semiautonomous Vehicles, Tempe (Ariz), Traffic Accidents and Safety, Uber Technologies Inc}
}

@online{shaw_artificial_2018,
	title = {Artificial Intelligence and Ethics},
	url = {https://harvardmagazine.com/2019/01/artificial-intelligence-limitations},
	abstract = {Ethics and the dawn of decision-making machines},
	titleaddon = {Harvard Magazine},
	author = {Shaw, Jonathan},
	urldate = {2019-07-19},
	date = {2018-12-06}
}

@online{the_institute_for_ethical_ai_&_machine_learning_machine_2019,
	title = {The Machine Learning Principles},
	url = {https://ethical.institute},
	author = {{The Institute for Ethical AI \& Machine Learning}},
	urldate = {2019-09-19},
	date = {2019}
}

@article{hubble_extragalactic_1926,
	title = {Extragalactic nebulae.},
	volume = {64},
	pages = {321},
	journaltitle = {The Astrophysical Journal},
	author = {Hubble, E. P.},
	date = {1926-12}
}

@article{de_vaucouleurs_revised_1963,
	title = {Revised Classification of 1500 Bright Galaxies.},
	volume = {8},
	pages = {31},
	journaltitle = {The Astrophysical Journal Supplement Series},
	author = {de Vaucouleurs, G.},
	date = {1963-04}
}

@collection{ivezic_statistics_2014,
	location = {Princeton, N.J},
	title = {Statistics, Data mining, and Machine Learning in Astronomy: A Practical Python Guide for The Analysis of Survey Data},
	series = {Princeton Series in Modern Observational Astronomy},
	publisher = {Princeton University Press},
	editor = {Ivezić, Ž‌eljko and Connolly, Andrew and {VanderPlas}, Jacob T. and Gray, Alexander},
	date = {2014},
	note = {{OCLC}: ocn841893567},
	keywords = {Astronomy, Data processing, Statistical astronomy}
}

@book{davies_god_2007,
	location = {New York},
	title = {God \& The New Physics},
	pagetotal = {255},
	publisher = {Simon and Schuster Paperbacks},
	author = {Davies, Paul},
	date = {2007},
	keywords = {Physics, Religion and science, Religious aspects Christianity}
}

@online{sloan_digital_sky_survey_measures_2019,
	title = {Measures of Flux and Magnitude {\textbar} {SDSS}},
	url = {https://www.sdss.org/dr12/algorithms/magnitudes/#mag_petro},
	author = {{Sloan Digital Sky Survey}},
	urldate = {2019-10-19},
	date = {2019}
}

@article{barchi_machine_2020,
	title = {Machine and Deep Learning applied to galaxy morphology - A comparative study},
	volume = {30},
	journaltitle = {Astronomy and Computing},
	author = {Barchi, P. H. and de Carvalho, R. R. and Rosa, R. R. and Sautter, R. A. and Soares-Santos, M. and Marques, B. A. D. and Clua, E. and Gonçalves, T. S. and de Sá-Freitas, C. and Moura, T. C.},
	date = {2020-01-01}
}

@book{hewitt_conceptual_2015,
	location = {Boston},
	edition = {Twelfth edition},
	title = {Conceptual Physics},
	publisher = {Pearson},
	author = {Hewitt, Paul G.},
	date = {2015}
}

@book{tegmark_our_2014,
	location = {New York},
	edition = {First edition},
	title = {Our Mathematical Universe: My Quest for The Ultimate Nature Of Reality},
	publisher = {Alfred A. Knopf},
	author = {Tegmark, Max},
	date = {2014}
}

@book{way_advances_2012,
	title = {Advances in Machine Learning and Data Mining for Astronomy},
	publisher = {{CRC} Press},
	author = {Way, Michael J. and Scargle, Jeffrey D. and Ali, Kamal M. and Srivastava, Ashok N.},
	date = {2012-03-29}
}

@book{filippenko_great_2007,
	location = {Chantilly, Virginia},
	edition = {Second Edition},
	title = {The Great Courses Guidebook - Understanding the Universe: An Introduction to Astronomy},
	publisher = {The Great Courses},
	author = {Filippenko, Alex},
	date = {2007}
}

@incollection{goos_ensemble_2000,
	location = {Berlin, Heidelberg},
	title = {Ensemble Methods in Machine Learning},
	volume = {1857},
	pages = {1--15},
	booktitle = {Multiple Classifier Systems},
	publisher = {Springer Berlin Heidelberg},
	author = {Dietterich, Thomas G.},
	editorb = {Goos, Gerhard and Hartmanis, Juris and van Leeuwen, Jan},
	editorbtype = {redactor},
	date = {2000}
}

@book{de_condorcet_essai_2014,
	location = {Cambridge},
	title = {Essai sur l'application de l'analyse à la probabilité des décisions rendues à la pluralité des voix},
	publisher = {Cambridge University Press},
	author = {De Condorcet, Nicolas},
	date = {2014}
}

@book{kuncheva_combining_2014,
	location = {Hoboken, {NJ}},
	edition = {2},
	title = {Combining pattern classifiers: methods and algorithms},
	pagetotal = {357},
	publisher = {Wiley},
	author = {Kuncheva, Ludmila Ilieva},
	date = {2014}
}

@incollection{cooper_when_1993,
	location = {London},
	title = {When networks disagree: Ensemble methods for hybrid neural networks},
	pages = {126--142},
	booktitle = {Artificial Networks for Speech \& Vision},
	publisher = {Chapman \& Hall},
	author = {Cooper, Leon N and Perrone, Michael P.},
	editor = {Mammone, R.J.},
	date = {1993}
}

@article{banfield_comparison_2007,
	title = {A Comparison of Decision Tree Ensemble Creation Techniques},
	volume = {29},
	pages = {173--180},
	number = {1},
	journaltitle = {{IEEE} Transactions on Pattern Analysis and Machine Intelligence},
	author = {Banfield, Robert E. and Hall, Lawrence O. and Bowyer, Kevin W. and Kegelmeyer, W.P.},
	date = {2007-01}
}

@article{sung-bae_cho_multiple_1995,
	title = {Multiple network fusion using fuzzy logic},
	volume = {6},
	pages = {497--501},
	number = {2},
	journaltitle = {{IEEE} Transactions on Neural Networks},
	author = {{Sung-Bae Cho} and Kim, J.H.},
	date = {1995-03}
}

@article{drucker_boosting_1994,
	title = {Boosting and Other Ensemble Methods},
	volume = {6},
	pages = {1289--1301},
	number = {6},
	journaltitle = {Neural Computation},
	author = {Drucker, Harris and Cortes, Corinna and Jackel, L. D. and {LeCun}, Yann and Vapnik, Vladimir},
	date = {1994-11}
}

@inproceedings{filippi_multi-layer_1994,
	location = {Orlando, {FL}, {USA}},
	title = {Multi-layer perceptron ensembles for increased performance and fault-tolerance in pattern recognition tasks},
	volume = {5},
	eventtitle = {1994 {IEEE} International Conference on Neural Networks ({ICNN}'94)},
	pages = {2901--2906},
	booktitle = {Proceedings of 1994 {IEEE} International Conference on Neural Networks ({ICNN}'94)},
	publisher = {{IEEE}},
	author = {Filippi, E. and Costa, M. and Pasero, E.},
	date = {1994}
}

@inbook{bunke_multiple_2002,
	title = {Multiple Classifier Combination: Lessons and Next Steps},
	volume = {47},
	pages = {171--198},
	booktitle = {Series in Machine Perception and Artificial Intelligence},
	publisher = {World Scientific},
	author = {Ho, Tin Kam},
	bookauthor = {Bunke, H and Kandel, A},
	date = {2002-05}
}

@article{kittler_combining_1998,
	title = {On combining classifiers},
	volume = {20},
	pages = {226--239},
	number = {3},
	journaltitle = {{IEEE} Transactions on Pattern Analysis and Machine Intelligence},
	author = {Kittler, J. and Hatef, M. and Duin, R.P.W. and Matas, J.},
	date = {1998-03}
}

@article{lam_optimal_1995,
	title = {Optimal combinations of pattern classifiers},
	volume = {16},
	pages = {945--954},
	number = {9},
	journaltitle = {Pattern Recognition Letters},
	author = {Lam, Louisa and Suen, Ching Y.},
	date = {1995-09}
}

@collection{benediktsson_multiple_2009,
	location = {Berlin, Heidelberg},
	title = {Multiple Classifier Systems: 8th International Workshop, {MCS} 2009},
	volume = {5519},
	series = {Lecture Notes in Computer Science},
	publisher = {Springer Berlin Heidelberg},
	editor = {Benediktsson, Jón Atli and Kittler, Josef and Roli, Fabio},
	date = {2009}
}

@collection{gayar_multiple_2010,
	location = {Berlin Heidelberg},
	title = {Multiple Classifier Systems: 9th International Workshop, {MCS} 2010},
	series = {Theoretical Computer Science and General Issues},
	publisher = {Springer-Verlag},
	editor = {Gayar, Neamat El and Kittler, Josef and Roli, Fabio},
	date = {2010}
}

@collection{haindl_multiple_2007,
	location = {Berlin Heidelberg},
	title = {Multiple Classifier Systems: 7th International Workshop, {MCS} 2007, Prague, Czech Republic, May 23-25, 2007, Proceedings},
	series = {Image Processing, Computer Vision, Pattern Recognition, and Graphics},
	publisher = {Springer-Verlag},
	editor = {Haindl, Michal and Kittler, Josef and Roli, Fabio},
	date = {2007}
}

@collection{oza_multiple_2005,
	location = {Berlin Heidelberg},
	title = {Multiple Classifier Systems: 6th International Workshop, {MCS} 2005},
	series = {Image Processing, Computer Vision, Pattern Recognition, and Graphics},
	publisher = {Springer-Verlag},
	editor = {Oza, Nikunj C. and Polikar, Robi and Kittler, Josef and Roli, Fabio},
	date = {2005}
}

@collection{roli_multiple_2004,
	location = {Berlin Heidelberg},
	title = {Multiple Classifier Systems: 5th International Workshop, {MCS} 2004},
	series = {Lecture Notes in Computer Science},
	publisher = {Springer-Verlag},
	editor = {Roli, Fabio and Kittler, Josef and Windeatt, Terry},
	date = {2004}
}

@article{bauer_empirical_1999,
	title = {An Empirical Comparison of Voting Classification Algorithms: Bagging, Boosting, and Variants},
	volume = {36},
	pages = {105--139},
	number = {1},
	journaltitle = {Machine Learning},
	author = {Bauer, Eric and Kohavi, Ron},
	date = {1999-07-01}
}

@article{dietterich_experimental_2000,
	title = {An Experimental Comparison of Three Methods for Constructing Ensembles of Decision Trees: Bagging, Boosting, and Randomization},
	volume = {40},
	pages = {139--157},
	number = {2},
	journaltitle = {Machine Learning},
	author = {Dietterich, Thomas G.},
	date = {2000-08-01}
}

@article{sohn_experimental_2007,
	title = {Experimental study for the comparison of classifier combination methods},
	volume = {40},
	pages = {33--40},
	number = {1},
	journaltitle = {Pattern Recognition},
	author = {Sohn, S.Y. and Shin, H.W.},
	date = {2007-01}
}

@report{breiman_bias_1996,
	location = {Statistics Department, University of California, Berkeley},
	title = {Bias, variance, and arcing classifiers},
	number = {Technical Report 460},
	author = {Breiman, Leo},
	date = {1996}
}

@article{friedman_bagging_2007,
	title = {On bagging and nonlinear estimation},
	volume = {137},
	pages = {669--683},
	number = {3},
	journaltitle = {Journal of Statistical Planning and Inference},
	author = {Friedman, Jerome H. and Hall, Peter},
	date = {2007-03}
}

@article{kleinberg_algorithmic_2000,
	title = {On the algorithmic implementation of stochastic discrimination},
	volume = {22},
	pages = {473--490},
	number = {5},
	journaltitle = {{IEEE} Transactions on Pattern Analysis and Machine Intelligence},
	author = {Kleinberg, E.M.},
	date = {2000-05}
}

@article{schapire_boosting_1998,
	title = {Boosting the margin: a new explanation for the effectiveness of voting methods},
	volume = {26},
	pages = {1651--1686},
	number = {5},
	journaltitle = {The Annals of Statistics},
	author = {Schapire, Robert E. and Freund, Yoav and Bartlett, Peter and Lee, Wee Sun},
	date = {1998-10}
}

@article{allwein_reducing_2001,
	title = {Reducing Multiclass to Binary: A Unifying Approach for Margin Classifiers},
	volume = {1},
	pages = {113--141},
	journaltitle = {The Journal of Machine Learning Research},
	author = {Allwein, Erin L. and Schapire, Robert E. and Singer, Yoram},
	date = {2001-09}
}

@article{bazell_ensembles_2001,
	title = {Ensembles of Classifiers for Morphological Galaxy Classification},
	volume = {548},
	pages = {219--223},
	number = {1},
	journaltitle = {The Astrophysical Journal},
	author = {Bazell, D. and Aha, David W.},
	date = {2001-02}
}

@online{jet_propulsion_laboratory_california_institute_of_technology_home_2019,
	title = {Home {\textbar} {NASA}/{IPAC} Extragalactic Database},
	url = {https://ned.ipac.caltech.edu/},
	abstract = {{NASA}},
	titleaddon = {{NED}},
	author = {Jet Propulsion Laboratory, California Institute of Technology},
	urldate = {2019-07-29},
	date = {2019}
}

@collection{vaucouleurs_third_1991,
	location = {New York, {NY}},
	title = {Third reference catalogue of bright galaxies},
	publisher = {Springer},
	editor = {Vaucouleurs, Gérard-Henri de},
	date = {1991}
}

@book{sandage_hubble_1984,
	location = {Washington D.C},
	title = {The Hubble Atlas of Galaxies},
	author = {Sandage, Allan},
	date = {1984}
}

@article{strauss_spectroscopic_2002,
	title = {Spectroscopic Target Selection in the Sloan Digital Sky Survey: The Main Galaxy Sample},
	volume = {124},
	pages = {1810--1824},
	journaltitle = {The Astronomical Journal},
	author = {Strauss, Michael A. and Weinberg, David H. and Lupton, Robert H. and Narayanan, Vijay K. and Annis, James and Bernardi, Mariangela and {...} and Zehavi, Idit},
	date = {2002-09-01}
}

@article{york_sloan_2000,
	title = {The Sloan Digital Sky Survey: Technical Summary},
	volume = {120},
	pages = {1579--1587},
	number = {3},
	journaltitle = {The Astronomical Journal},
	author = {York, Donald G. and Adelman, J. and Anderson, Jr., John E. and Anderson, Scott F. and Annis, James and Bahcall, Neta A. and {...} and Yasuda, Naoki},
	date = {2000-09}
}

@inproceedings{thonnat_toward_1989,
	location = {New York, {NY}},
	title = {Toward an Automatic Classification of Galaxies},
	pages = {53--74},
	booktitle = {The World of Galaxies},
	publisher = {Springer {US}},
	author = {Thonnat, Monique},
	editor = {Corwin, Harold G. and Bottinelli, Lucette},
	date = {1989}
}

@article{lahav_galaxies_1995,
	title = {Galaxies, Human Eyes, and Artificial Neural Networks},
	volume = {267},
	pages = {859--862},
	number = {5199},
	journaltitle = {Science},
	author = {Lahav, O. and Naim, A. and Buta, R. J. and Corwin, H. G. and de Vaucouleurs, G. and Dressler, A. and Huchra, J. P. and van den Bergh, S. and Raychaudhury, S. and Sodre, L. and Storrie-Lombardi, M. C.},
	date = {1995-02-10}
}

@article{ball_galaxy_2004,
	title = {Galaxy types in the Sloan Digital Sky Survey using supervised artificial neural networks},
	volume = {348},
	pages = {1038--1046},
	number = {3},
	journaltitle = {Monthly Notices of the Royal Astronomical Society},
	author = {Ball, N. M. and Loveday, J. and Fukugita, M. and Nakamura, O. and Okamura, S. and Brinkmann, J. and Brunner, R. J.},
	date = {2004-03}
}

@incollection{buta_galaxy_2013,
	location = {Dordrecht},
	title = {Galaxy Morphology},
	pages = {1--89},
	booktitle = {Planets, Stars and Stellar Systems: Volume 6: Extragalactic Astronomy and Cosmology},
	publisher = {Springer Netherlands},
	author = {Buta, Ronald J.},
	editor = {Oswalt, Terry D. and Keel, William C.},
	date = {2013}
}

@book{filippenko_cosmos:_2013,
	location = {Cambridge, {UK}},
	edition = {4th Edition},
	title = {The Cosmos: Astronomy in the New Millennium},
	publisher = {Cambridge University Press},
	author = {Filippenko, Alex and Pasachoff, Jay M.},
	date = {2013}
}

@article{yip_effect_2011,
	title = {Effect of inclination of Galaxies on Photometric Redshifts},
	volume = {730},
	pages = {54},
	number = {1},
	journaltitle = {The Astrophysical Journal},
	author = {Yip, Ching-Wa and Szalay, Alex S. and Carliles, Samuel and Budavári, Tamás},
	date = {2011-03-20}
}

@article{wray_new_2008,
	title = {A New Technique for Galaxy Photometric Redshifts in the Sloan Digital Sky Survey},
	volume = {678},
	pages = {144--153},
	number = {1},
	journaltitle = {The Astrophysical Journal},
	author = {Wray, James J. and Gunn, James E.},
	date = {2008-05}
}

@article{sandage_tolman_2010,
	title = {The Tolman Surface Brightness Test for the Reality of the Expansion. V. Provenance of the Test and a New Representation of the Data for Three Remote {HST} Galaxy Clusters},
	volume = {139},
	pages = {728--742},
	number = {2},
	journaltitle = {The Astronomical Journal},
	author = {Sandage, Allan},
	date = {2010-02-01},
	eprinttype = {arxiv},
	eprint = {0905.3199}
}

@online{nasa_hubble_2016,
	title = {Hubble Views a Galactic Mega-merger},
	url = {http://www.nasa.gov/image-feature/goddard/2016/hubble-views-a-galactic-mega-merger},
	type = {{NASA}},
	author = {{NASA} and {ESA/Hubble}},
	urldate = {2019-10-30},
	date = {2016}
}

@online{evan_gough_artists_2019,
	title = {Artist’s impression of the merging galaxies B14-65666 located 13 billion light-years away.},
	url = {https://www.universetoday.com/142578/the-earliest-example-of-merging-galaxies-ever-found/},
	titleaddon = {Universe Today},
	author = {{Evan Gough} and {National Astronomical Observatory of Japan (NAOJ)}},
	urldate = {2019-09-30},
	date = {2019-06-19}
}

@online{nasa/jpl_milky_2019,
	title = {The Milky Way Galaxy},
	url = {https://solarsystem.nasa.gov/resources/285/the-milky-way-galaxy/},
	titleaddon = {{NASA}-Solar System Exploration},
	author = {{NASA/JPL}},
	urldate = {2019-09-09},
	date = {2019}
}

@online{nasa_hubblesite:_2004,
	title = {{HubbleSite}: Image - Hubble Ultra Deep Field},
	url = {https://hubblesite.org/image/3886/category/58-hubble-ultra-deep-field},
	author = {{NASA} and {Space Telescope Science Institute}},
	urldate = {2019-12-30},
	date = {2004}
}

@online{ieee_computer_society_digital_liibrary_ieee_1999,
	title = {{IEEE} Computer Society Digital Liibrary},
	url = {https://csdl-images.computer.org/mags/cs/1999/02/figures/c20541.gif},
	titleaddon = {The Sloan Digital Sky Survey},
	author = {{IEEE Computer Society Digital Liibrary}},
	urldate = {2019-10-10},
	date = {1999}
}
@online{nasajpl_caltech_pinwheel_2017,
	title = {The Pinwheel Galaxy},
	url = {http://www.nasa.gov/multimedia/imagegallery/image_feature_2265.html},
	titleaddon = {{NASA}},
	author = {{NASA/JPL Caltech}},
	urldate = {2019-08-01},
	date = {2017}
}

@online{european_space_agency_esa_2019,
	title = {{ESA} Science \& Technology - {NGC} 5257 and {NGC} 5258},
	url = {https://sci.esa.int/web/hubble/-/42656-ngc-5257-and-ngc-5258},
	titleaddon = {European Space Agency},
	author = {{European Space Agency}},
	urldate = {2020-08-09},
	date = {2019}
}

@online{space_telescope_science_institute_hubblesite_2007,
	title = {{HubbleSite}: Image - {ESO} 325-G004: Detailing the Big Picture},
	url = {https://hubblesite.org/image/2057/news/55-globular-clusters},
	titleaddon = {{STScI}},
	author = {{Space Telescope Science Institute}},
	urldate = {2019-08-09},
	date = {2007}
}